@article{campbell2019after,
  title={After the Storm: Understanding and Improving US and Texas Disaster Recovery and Hazard Mitigation Policies},
  author={Campbell, Augustus L},
  journal={Tex. A\&M J. Prop. L.},
  volume={5},
  pages={107},
  year={2019},
  publisher={HeinOnline}
}

@book{kivedal2023natural,
  title={Natural disasters, insurance claims and regional housing markets},
  author={Kivedal, Bj{\o}rnar Karlsen},
  year={2023}
}

@article{sheehan2023benefits,
  title={On the benefits of insurance and disaster risk management integration for improved climate-related natural catastrophe resilience},
  author={Sheehan, Barry and Mullins, Martin and Shannon, Darren and McCullagh, Orla},
  journal={Environment Systems and Decisions},
  pages={1--10},
  year={2023},
  publisher={Springer}
}

@article{kraehnert2021,
  url = {https://doi.org/10.1515/roe-2021-0024},
  title = {Insurance Against Extreme Weather Events: An Overview},
  author = {Kati Kraehnert and Daniel Osberghaus and Christian Hott and Lemlem Teklegiorgis Habtemariam and Frank WÃ¤tzold and Lutz Philip Hecker and Svenja Fluhrer},
  pages = {71--95},
  volume = {72},
  number = {2},
  journal = {Review of Economics},
  doi = {doi:10.1515/roe-2021-0024},
  year = {2021},
  lastchecked = {2023-10-09}
}


@misc{aon, 
  author={AON contributers}
  url={https://www.aon.com/getmedia/f34ec133-3175-406c-9e0b-25cea768c5cf/20230125-weather-climate-catastrophe-insight.pd}, 
  journal={AON}
} 

@misc{iii, 
  title={Facts + statistics: U.S. catastrophes}, 
  url={https://www.iii.org/fact-statistic/facts-statistics-us-catastrophes}, 
  journal={Insurance Information Institute}, 
  author={Insurance Information Institute}
} 